% Place all your bib entries here

@PhdThesis{bosamiya-thesis,
  author       = {Bosamiya, Jay},
  title        = {A Principled Approach Towards Unapologetic Security},
  school       = {Carnegie Mellon University},
  year         = 2024,
  month        = {May}
}
